@misc{Dass2012,
author = {Dass, Angelica},
keywords = {humanæ,dass2012},
title = {Humanæ},
url = {humanae.tumblr.com},
year = {2012}
}
@misc{Clark2007,
author = {Clark, Jim},
keywords = {beerlambert,clark2007},
title = {{The Beer-Lambert Law}},
url = {http://www.chemguide.co.uk/analysis/uvvisible/beerlambert.html},
year = {2007}
}
@misc{OMLC2001,
author = {OMLC},
keywords = {omlc,optical properties spectra},
title = {{Optical Properties Spectra}},
url = {http://omlc.org/spectra/},
year = {2001}
}
@misc{RIDI2013,
author = {RIDI},
keywords = {RIDI,camera,spectral sensitivity},
title = {{Camera Spectral Sensitivity Database}},
url = {http://www.cis.rit.edu/jwgu/research/camspec/db.php},
year = {2013}
}
