@article{Problem2006,
author = {MAISONOBE, L.},
file = {:Users/jaspershemilt/Documents/Mendeley Desktop/distance-to-ellipse.pdf:pdf},
number = {September 2003},
pages = {1--14},
title = {{Quick computation of the distance between a point and an ellipse}},
url = {http://www.spaceroots.org/downloads.html},
year = {2006}
}
